@book{Aceves2021,
  author    = {Aceves Fernández, Marco Antonio},
  title     = {Inteligencia artificial para programadores con prisa},
  publisher = {Universo de Letras},
  year      = {2021},
  isbn      = {9788418854613},
  note      = {{ISBN: 9788418854613}}
}

@misc{freecodecamp,
  title = {8 algoritmos de agrupación en clústeres en el aprendizaje automático que todos los científicos de datos deben conocer},
  author = {FreeCodeCamp},
  year = {n.d.},
  howpublished = {\url{https://www.freecodecamp.org/espanol/news/8-algoritmos-de-agrupacion-en-clusteres-en-el-aprendizaje-automatico-que-todos-los-cientificos-de-datos-deben-conocer/}},
}

@misc{aprendeia,
  title = {Algoritmos de Agrupamiento - Aprende IA},
  author = {Aprende IA},
  year = {n.d.},
  howpublished = {\url{https://aprendeia.com/algoritmos-de-clustering-agrupamiento-aprendizaje-no-supervisado/}},
}

@inproceedings{laura2019evaluation,
  title={Evaluation of Classification Algorithms using Cross Validation},
  author={Laura-Ochoa, L.},
  booktitle={Ind. Innov. Infrastruct. Sustain. Cities Communities},
  pages={24--26},
  year={2019},
  doi={10.18687/LACCEI2019.1.1.471}
}


