@book{Aceves2021,
  author    = {Aceves Fernández, Marco Antonio},
  title     = {Inteligencia artificial para programadores con prisa},
  publisher = {Universo de Letras},
  year      = {2021},
  isbn      = {9788418854613},
  note      = {{ISBN: 9788418854613}}
}

@misc{IAnet20201,
  author        = {Jose Martinez Heras},
  title         = {Correlación, Covarianza e IBEX-35},
  organization  = {IArtificial.net},
  year          = {2020},
  url           = {https://www.iartificial.net/correlacion-covarianza-ibex35},
  note          = {{Visitado: Febrero 2023}}
}

@misc{IAnet20202,
  author        = {Jose Martinez Heras},
  title         = {Las 7 Fases del Proceso de Machine Learning},
  organization  = {IArtificial.net},
  year          = {2020},
  url           = {https://www.iartificial.net/fases-del-proceso-de-machine-learning},
  note          = {{Visitado: Febrero 2023}}
}

@misc{Economipedia,
  author        = {Guillermo Westreicher},
  title         = {Cuartil},
  organization  = {Economipedia},
  year          = {},
  url           = {https://economipedia.com/definiciones/cuartil.html},
  note          = {{Visitado: Febrero 2023}}
}
