@book{Aceves2021,
  author    = {Aceves Fern√°ndez, Marco Antonio},
  title     = {Inteligencia artificial para programadores con prisa},
  publisher = {Universo de Letras},
  year      = {2021},
  isbn      = {9788418854613},
  note      = {{ISBN: 9788418854613}}
}
