@book{Aceves2021,
  author    = {Aceves Fern√°ndez, Marco Antonio},
  title     = {Inteligencia artificial para programadores con prisa},
  publisher = {Universo de Letras},
  year      = {2021},
  isbn      = {9788418854613},
  note      = {{ISBN: 9788418854613}}
}

@book{bishop2007,
  author = {Bishop, Christopher M.},
  title = {Pattern Recognition and Machine Learning (Information Science and Statistics)},
  publisher = {Springer},
  year = 2007,
  edition = 1,
  isbn = {9780387310732},
  note = {{ISBN: 9780387310732}}
}

@book{hastie01statisticallearning,
  author = {Hastie, Trevor and Tibshirani, Robert and Friedman, Jerome},
  title = {The Elements of Statistical Learning},
  publisher = {Springer},
  year = 2008,
  isbn = {9780387848846},
  note = {{ISBN: 9780387848846}}  
}

@book{murphy2013machine,
  author = {Murphy, Kevin P.},
  title = {Machine learning : a probabilistic perspective},
  publisher = {MIT Press},
  year = 2013,
  isbn = {9780262018029},
  note = {{ISBN: 9780262018029}}
}







