@book{Pyle1999,
  author    = {Pyle, Dorian},
  title     = {Data Preparation for Data Mining (The Morgan Kaufmann Series in Data Management Systems)},
  publisher = {Morgan Kaufmann},
  year      = {1999},
  isbn      = {9781558605299},
  note      = {{ISBN: 9781558605299}}
}

@misc{Raschka2014,
  author        = {Raschka, Sebastian},
  title         = {About Feature Scaling and Normalization, and the effect of standardization for machine learning algorithms},
  organization  = {Sebastian Raschka},
  year          = {2014},
  url           = {https://sebastianraschka.com/Articles/2014_about_feature_scaling.html},
  note          = {{Visitado: Marzo 2023}}
}

@article{He2009,
  author   = {He, Haibo and Garcia, Edwardo A.},
  title    = {Learning from Imbalanced Data},
  journal  = {IEEE Transactions on Knowledge and Data Engineering},
  year     = {2009},
  volume   = {21},
  number   = {9},
  pages    = {1263--1284},
  issn     = {1558-2191},
  url      = {https://doi.org/10.1109/TKDE.2008.239},
  doi      = {10.1109/TKDE.2008.239}
}

@article{Chawla2002,
  author   = {N. V. Chawla and K. W. Bowyer and L. O. Hall and W. P. Kegelmeyer},
  title    = {SMOTE: Synthetic Minority Over-sampling Technique},
  journal  = {Journal of Artificial Intelligence Research},
  year     = {2002},
  volume   = {16},
  number   = {2002},
  pages    = {321--357},
  issn     = {1076-9757},
  url      = {https://doi.org/10.1613/jair.953},
  doi      = {10.1613/jair.953}
}

@book{Aceves2021,
  author    = {Aceves Fern√°ndez, Marco Antonio},
  title     = {Inteligencia artificial para programadores con prisa},
  publisher = {Universo de Letras},
  year      = {2021},
  isbn      = {9788418854613},
  note      = {{ISBN: 9788418854613}}
}
